@article{martinfowler2014microservices,
	added-at = {2014-03-29T13:11:57.000+0100},
	author = {Fowler, Martin and Lewis, James},
	biburl = {http://www.bibsonomy.org/bibtex/2520e156d50e116dcd8e433cfccbdced3/soareschen},
	interhash = {12eba8def437547590a53a0439b4c6c8},
	intrahash = {520e156d50e116dcd8e433cfccbdced3},
	keywords = {application-architecture web-services},
	timestamp = {2014-03-29T14:07:33.000+0100},
	title = {Microservices},
	url = {http://martinfowler.com/articles/microservices.html},
	year = 2014
}

@article{conway1968committees,
	title={How do committees invent},
	author={Conway, Melvin E},
	journal={Datamation},
	volume={14},
	number={4},
	pages={28--31},
	year={1968}
}

@article{as2005service,
	title={Service-Oriented Architecture (SOA) Concepts, Technology and Design},
	author={as Erl, Thom},
	year={2005}
}

@book{newman2015building,
	title={Building Microservices},
	author={Newman, Sam},
	year={2015},
	publisher={" O'Reilly Media, Inc."}
}

@book{martin2003agile,
	title={Agile software development: principles, patterns, and practices},
	author={Martin, Robert Cecil},
	year={2003},
	publisher={Prentice Hall PTR}
}

@article{barth2011web,
	title={The web origin concept},
	author={Barth, Adam},
	year={2011}
}

@article{fowler2004inversion,
	title={Inversion of control containers and the dependency injection pattern},
	author={Fowler, Martin},
	year={2004}
}